%% This BibTeX bibliography file was created using BibDesk.
%% http://bibdesk.sourceforge.net/


%% Saved with string encoding Unicode (UTF-8) 

%% Add your Bibliography entries here:
@article{Richter2008,
	author = {Richter, Andreas S. and Busch, Anke and Backofen, Rolf},
	doi = {10.1093/bioinformatics/btn544},
	eprint = {http://oup.prod.sis.lan/bioinformatics/article-pdf/24/24/2849/16885363/btn544.pdf},
	issn = {1367-4803},
	journal = {Bioinformatics},
	month = {10},
	number = {24},
	pages = {2849-2856},
	title = {{IntaRNA: efficient prediction of bacterial sRNA targets incorporating target site accessibility and seed regions}},
	note = {\url {https://doi.org/10.1093/bioinformatics/btn544}},
	volume = {24},
	year = {2008},
	Bdsk-Url-1 = {https://doi.org/10.1093/bioinformatics/btn544}
}

@article{CanadianCancer2004,
  author = {Canadian Cancer Research Centre},
	eprint = {https://publications.gc.ca/collections/Collection/CS2-37-2004E.pdf},
	journal = {Canadian Cancer Statistics 2004},
	title = {{National Cancer Institute of Canada.}},
	year = {Toronto, Canada. 2004}
}

@article{CancerJournal,
	author = {Siegel, Rebecca L. and Miller, Kimberly D. and Fuchs, Hannah E. and Jemal, Ahmedin},
	journal = {CA: A Cancer Journal for Clinicians},
	number = {1},
	pages = {7-33},
	title = {{Cancer statistics, 2022.}},
	volume = {72},
	year = {2022}
}

@article{QualityMeasure,
	author = {N, Perry and M, Broeders and C, De Wolf and S, TÃ¶rrberg},
	journal = {Office for Official Publications of the European Communities},
	title = {{et al. (eds): European Guidelines for Quality Assurance
in Mammography Screening, 4th ed.}},
	year = {Luxembourg 2006}
}

@article{WaveletStatistics,
	author = {Cohen, Achraf and Amine Amine Atoui, Mohamed},
	doi = {10.1093/bioinformatics/btn544},
	issn = {1367-4803},
	journal = {Transactions of the Institute of Measurement and Control},
	number = {3},
	pages = {pp.525-538},
	title = {{On Wavelet-based Statistical Process Monitoring.}},
	note = {10.1177/0142331220935708. hal-03556283},
	volume = {44},
	year = {2022},
	Bdsk-Url-1 = {ff10.1177/0142331220935708. hal-03556283}
}

@article{Michael2006,
	author = {Barnett, Michael},
	journal = {Department of Physics and Engineering Physics
University of Saskatchewan},
	month = {August},
	title = {{SEMI-AUTOMATED SEARCH FOR ABNORMALITIES IN MAMMOGRAPHIC X-RAY IMAGES}},
	year = {2006},
}

@article{Ovarian,
	author = {R.,Jalloul and Chethan, H. K. and Alkhatib, R.},
	journal = {Diagnostics (Basel, Switzerland)},
	number = {14},
	pages = {2460},
	title = {{A Review of Machine Learning Techniques for the Classification and Detection of Breast Cancer from Medical Images}},
	note = {\url {https://doi.org/10.3390/diagnostics13142460}},
	volume = {13},
	year = {2023},
	Bdsk-Url-1 = {https://doi.org/10.3390/diagnostics13142460}
}

@article{Tumor,
	author = {Cruz-Roa and A. and Gilmore and H. and Basavanhally and A et al.},
	journal = {Sci Rep},
	number = {46450},
	title = {{Accurate and reproducible invasive breast cancer detection in whole-slide images: A Deep Learning approach for quantifying tumor extent}},
	note = {\url {https://doi.org/10.1038/srep46450}},
	volume = {7},
	year = {2017},
}

@article{Multiscale,
title = {Multiscale fusion of multimodal medical images using lifting scheme based biorthogonal wavelet transform},
journal = {Optik},
volume = {182},
pages = {995-1014},
year = {2019},
issn = {0030-4026},
doi = {https://doi.org/10.1016/j.ijleo.2018.12.028},
url = {https://www.sciencedirect.com/science/article/pii/S0030402618319521},
author = {Om Prakash and Chang Min Park and Ashish Khare and Moongu Jeon and Jeonghwan Gwak},
keywords = {Medical imaging, Image fusion, Multimodality, Biorthogonal wavelet transform, Lifting schemes, Fusion rules},
}

@article{Tomosynthesis,
	author = {Vedantham, Srinivasan and Karellas, Andrew and Vijayaraghavan, Gopal R. and Kopans, Daniel B.},
	journal = {Radiology},
	month = {10},
	number = {3},
	pages = {663-684},
	title = {{Digital Breast Tomosynthesis: State of the Art}},
	volume = {277},
	year = {2015},
	doi = {10.1148/radiol.2015141303},
  note ={PMID: 26599926},
	URL = {https://doi.org/10.1148/radiol.2015141303},
	eprint = {https://doi.org/10.1148/radiol.2015141303}
}

@article{Mortality,
	author = {AB,Beau and PK,Andersen and I,Vejborg and E,Lynge},
	journal = {Journal of clinical oncology : official journal of the American Society of Clinical Oncology},
	number = {30},
	pages = {2988-2994},
	title = {{Limitations in the Effect of Screening on Breast Cancer Mortality}},
	volume ={36},
	note = {\url {https://doi.org/10.1200/JCO.2018.78.0270}},
	year = {2018}
}

@article{Vindir,
	author = {Pham, Hieu Huy and Trung, Hieu Nguyen and Nguyen,Ha Quy},
	journal = {PhysioNet},
	title = {{VinDr-Mammo: A large-scale benchmark dataset for computer-aided detection and diagnosis in full-field digital mammography (version 1.0.0)}},
	note = {\url {https://doi.org/10.13026/br2v-7517}},
	year = {2022},
}

@article{RSNA,
	author = {Pham, Hieu Huy Pham and Trung, Hieu Nguyen and Nguyen,Ha Quy},
	journal = {PhysioNet},
	title = {{VinDr-Mammo: A large-scale benchmark dataset for computer-aided detection and diagnosis in full-field digital mammography (version 1.0.0)}},
	note = {\url {https://doi.org/10.13026/br2v-7517}},
	year = {2022},
}

@article{importancestats,
author = {Kumar, Vijay and Gupta, Priyanka},
year = {2012},
month = {08},
pages = {},
title = {Importance of Statistical Measures in Digital Image Processing},
volume = {2},
journal = {International Journal of Emerging Technology and Advanced Engineering}
}

@article{MESELHYELTOUKHY2012123,
title = {A statistical based feature extraction method for breast cancer diagnosis in digital mammogram using multiresolution representation},
journal = {Computers in Biology and Medicine},
volume = {42},
number = {1},
pages = {123-128},
year = {2012},
issn = {0010-4825},
doi = {https://doi.org/10.1016/j.compbiomed.2011.10.016},
url = {https://www.sciencedirect.com/science/article/pii/S0010482511002125},
author = {Mohamed {Meselhy Eltoukhy} and Ibrahima Faye and Brahim {Belhaouari Samir}},
}

@article{li2020diagnostic,
  title={The Diagnostic Performance of Diffusion Kurtosis Imaging in the Characterization of Breast Tumors: A Meta-Analysis},
  author={Li, Z. and Li, X. and Peng, C. and Dai, W. and Huang, H. and Li, X. and Xie, C. and Liang, J.},
  journal={Frontiers in oncology},
  volume={10},
  year={2020},
  pages={575272},
  doi={10.3389/fonc.2020.575272},
  url={https://www.frontiersin.org/articles/10.3389/fonc.2020.575272/full}
}

@article{barragan2021artificial,
  title={Artificial intelligence and machine learning for medical imaging: A technology review},
  author={Barragan-Montero, A. and Javaid, U. and Valdes, G. and et al.},
  journal={Physica medica : PM : an international journal devoted to the applications of physics to medicine and biology : official journal of the Italian Association of Biomedical Physics AIFB},
  volume={83},
  pages={242-256},
  year={2021},
  doi={10.1016/j.ejmp.2021.04.016},
	note = {\url {https://doi.org/10.1016/j.ejmp.2021.04.016}},
}

@article{YAN2006285,
title = {Wavelet transform-based modal parameter identification considering uncertainty},
journal = {Journal of Sound and Vibration},
volume = {291},
number = {1},
pages = {285-301},
year = {2006},
issn = {0022-460X},
doi = {https://doi.org/10.1016/j.jsv.2005.06.005},
url = {https://www.sciencedirect.com/science/article/pii/S0022460X05003913},
author = {Yan, BF. and Miyamoto, A. and Bruhwiler, E.},
}